<?xml version="1.0" encoding="UTF-8"?><collection><record><leader>06873ntm a2200589 a 4500</leader><controlfield tag="001">006808670</controlfield><controlfield tag="003">MiAaHDL</controlfield><controlfield tag="005">20190719000000.0</controlfield><controlfield tag="006">m        d        </controlfield><controlfield tag="007">cr bn ---auaua</controlfield><controlfield tag="008">090603q16501699xx            00| ||ara d</controlfield><datafield tag="035" ind1=" " ind2=" "><subfield code="a">(MiU)006808670</subfield></datafield><datafield tag="035" ind1=" " ind2=" "><subfield code="a">sdr-miu006808670</subfield></datafield><datafield tag="040" ind1=" " ind2=" "><subfield code="a">MiU</subfield><subfield code="c">MiU</subfield><subfield code="e">amremm</subfield></datafield><datafield tag="043" ind1=" " ind2=" "><subfield code="a">n-us-mi</subfield></datafield><datafield tag="100" ind1="1" ind2=" "><subfield code="6">880-01</subfield><subfield code="a">Ibn Jamāʻah, ‘Izz al-Dīn Muḥammad ibn Abī Bakr,</subfield><subfield code="d">d. 1416.</subfield></datafield><datafield tag="245" ind1="1" ind2="3"><subfield code="6">880-03</subfield><subfield code="a">al-Tabyīn fī sharḥ al-Arba‘īn,</subfield><subfield code="f">[mid to late 17th century?].</subfield></datafield><datafield tag="246" ind1="3" ind2=" "><subfield code="i">Title from heading at opening on p.8:</subfield><subfield code="a">هذا كتاب التبيين في شرح الاربعين</subfield></datafield><datafield tag="246" ind1="3" ind2=" "><subfield code="i">Title from inscription (in yellow ink) on 'title page' (p.7):</subfield><subfield code="a">شرح الاربعين النووية</subfield></datafield><datafield tag="246" ind1="3" ind2=" "><subfield code="i">Title from inscription (in black ink) on 'title page' (p.7):</subfield><subfield code="a">شرح حديث اربعين للامام النووي</subfield></datafield><datafield tag="246" ind1="3" ind2=" "><subfield code="i">Title from front flyleaf (p.5):</subfield><subfield code="a">تبيين في شرح الاربعين</subfield></datafield><datafield tag="260" ind1=" " ind2=" "><subfield code="c">[1650-1699?].</subfield></datafield><datafield tag="300" ind1=" " ind2=" "><subfield code="a">105 leaves :</subfield><subfield code="b">paper ;</subfield><subfield code="c">144 x 105 (100 x 55) mm.</subfield></datafield><datafield tag="500" ind1=" " ind2=" "><subfield code="a">Shelfmark: Ann Arbor, University of Michigan, Special Collections Library, Isl. Ms. 493</subfield></datafield><datafield tag="500" ind1=" " ind2=" "><subfield code="a">Origin: Lacks dated colophon ; paper, hand, etc. would suggest mid to late 17th or even early 18th century.</subfield></datafield><datafield tag="500" ind1=" " ind2=" "><subfield code="a">Accompanying materials: a. Inventory cataloguing slip in hand of Winifred Smeaton Thomas (pp.1-2) -- b. Acquisitions slip from Yahuda (pp.3-4).</subfield></datafield><datafield tag="500" ind1=" " ind2=" "><subfield code="a">Former shelfmark: From inner front cover and spine label, "IL 39c" (likely supplied by Yahuda, see acquisitions slip).</subfield></datafield><datafield tag="500" ind1=" " ind2=" "><subfield code="a">Binding: Pasteboards covered in marbled paper (mainly in dark blue and salmon) with dark brown leather over spine, fore edge flap, and edges/turn-ins (framed binding) ; Type II binding (with flap, envelope flap now lost) ; board linings in lavender or indigo paper ; upper and lower covers carry tooled border in a series of striated s-shaped stamps ; sewn in cream or light yellow thread, two stations ; worked chevron endbands in light yellow and light rose, losses to head and tail ; overall in poor condition with significant abrasion, lifting and losses of leather and paper, loss of envelope flap, fore edge flap detaching, etc. ; housed in box for protection.</subfield></datafield><datafield tag="500" ind1=" " ind2=" "><subfield code="a">Support: European laid paper with roughly 7 laid lines per cm. (horizontal), chain lines spaced 27 mm. apart (vertical), crown-star-crescent watermark (see p.20, compare no.147 in Regourd, Catalogue cumulé des bibliothèques de manuscrits de Zabid, fascicule 1 and nos. 273 and 286 in Nikolaev, Watermarks of the Ottoman Empire, v.1), and "Z" and "Vd" with trefoil countermarks (see pp.18, 30, 74, etc., again compare Nikolaev nos. 273 and 276, as well as 198, 218, 282, 339 and Regourd, no.148) ; glazed (to glossy) and well-burnished, sturdy and fairly crisp.</subfield></datafield><datafield tag="500" ind1=" " ind2=" "><subfield code="a">Decoration: Headings and keywords rubricated ; occasional textual dividers in the form of inverted commas.</subfield></datafield><datafield tag="500" ind1=" " ind2=" "><subfield code="a">Script: Naskh ; clear Turkish or 'Syrian' hand ; virtually serifless (though occasional head-serifs do irregularly appear) with slight effect of tilt to the left and of words descending to baseline, rounded with curvilinear descenders, some elongation of horizontal strokes, pointing in distinct or conjoined dots, open and closed counters.</subfield></datafield><datafield tag="500" ind1=" " ind2=" "><subfield code="a">Layout: Written in 11 lines per page ; frame-ruled (impression of ruling board evident).</subfield></datafield><datafield tag="500" ind1=" " ind2=" "><subfield code="a">Collation: i, 10 V(100), III-1 (105), i ; almost exclusively quinions ; catchwords present ; pagination in pencil, Western numerals, supplied during digitization (includes inserts and flyleaves).</subfield></datafield><datafield tag="500" ind1=" " ind2=" "><subfield code="a">Explicit: "قلت لانه اعجبه الحديثان اوهما [اولهما] من باب الوعظ بمخالفة الهوى ومتابعة الشرع وثانيهما ترغيب في الدعاء فزاد خيرا وهذا اخر ما اوردناه وصلى الله على سيدنا محمد واله وصحبه وسلم تسليما كثيرا امين م"</subfield></datafield><datafield tag="500" ind1=" " ind2=" "><subfield code="a">Incipit: "قال الشيخ الامام العلامة الرحلة بقية المجتهدين ... عز الدين محمد بن جماعة بعد حمدا لله والصلوة والسلام الاتمان الاكملان على نبيه محمد واله وصحبه هذا شرح حسن على الاربعين النواوي رحمة الله تعالى على مصنفها في احاديث النبي صلى الله عليه وسلم مسمى بالتبيين في شرح الاربعين ..."</subfield></datafield><datafield tag="500" ind1=" " ind2=" "><subfield code="a">Title from opening matter (author's preface) on p.9.</subfield></datafield><datafield tag="500" ind1=" " ind2=" "><subfield code="a">Ms. codex.</subfield></datafield><datafield tag="510" ind1="3" ind2=" "><subfield code="a">Nikolaev, Vsevolod. Watermarks of the mediaeval Ottoman documents in Bulgarian libraries. In Watermarks of the Ottoman Empire, volume 1. Sofia: Bulgarian Academy of Sciences, 1954.</subfield></datafield><datafield tag="510" ind1="4" ind2=" "><subfield code="a">Regourd, Anne. Catalogue cumulé des bibliothèques de manuscrits de Zabid. Fascicule 1, Les papiers filigranés. Sanaa, 2008,</subfield><subfield code="c">p.22.</subfield></datafield><datafield tag="510" ind1="4" ind2=" "><subfield code="a">Brockelmann, C. GAL,</subfield><subfield code="c">I 396 (IX. / cmtre. 8) ; II 94</subfield></datafield><datafield tag="520" ind1="8" ind2=" "><subfield code="a">Fine copy of the commentary by ʻIzz al-Dīn Muḥammad ibn Abī Bakr Ibn Jamāʻah (d.1416) on Kitāb al-Arba‘īn, or al-Arbaʻūn al-Nawawīyah, a well-commented collection of 40 traditions selected by Muḥyī al-Dīn Abū Zakarīyā Yaḥyá ibn Sharaf al-Nawawī (d.1233).</subfield></datafield><datafield tag="538" ind1=" " ind2=" "><subfield code="a">Mode of access: Internet.</subfield></datafield><datafield tag="541" ind1=" " ind2=" "><subfield code="a">Acquired in 1926 from the bookseller Isaac Benjamin S.E. Yahuda via purchase transacted on his behalf by his younger brother, the famous Orientalist and manuscript collector Abraham Shalom Yahuda (1877-1951).</subfield></datafield><datafield tag="546" ind1=" " ind2=" "><subfield code="a">Arabic.</subfield></datafield><datafield tag="561" ind1=" " ind2=" "><subfield code="a">Possible book price on front flyleaf (p.5) ; birth notice (in Ottoman Turkish) on 'title page' (p.7) dated 13 Jumādá I 1241 [ca. 24 December 1825], reads "وجه تحرير حروف اولدركه اشبو بيك ايكى يوز قرق بر سنه سى جمادى الاولى نك اون اوجنجى چرشنبه كونى عصر اولى ده اوغلوم محمد دار دنيايه تشريف ايلدى حضرت الله تعالى اطول عمر ايله معمر ايليه امين والحمد لله رب العالمين" ; collation marks (see pp.30, 47, etc.) ; occasional correction or gloss.</subfield></datafield><datafield tag="600" ind1="0" ind2="0"><subfield code="a">Nawawī,</subfield><subfield code="d">1233-1277.</subfield><subfield code="t">Arbaʻūn al-Nawawīyah.</subfield></datafield><datafield tag="650" ind1=" " ind2="0"><subfield code="a">Manuscripts, Arabic</subfield><subfield code="z">Michigan</subfield><subfield code="z">Ann Arbor.</subfield></datafield><datafield tag="650" ind1=" " ind2="0"><subfield code="a">Hadith</subfield><subfield code="x">Criticism, interpretation, etc.</subfield><subfield code="v">Early works to 1800.</subfield></datafield><datafield tag="650" ind1=" " ind2="0"><subfield code="a">Hadith</subfield><subfield code="v">Commentaries</subfield><subfield code="v">Early works to 1800</subfield><subfield code="x">Commentaries.</subfield></datafield><datafield tag="773" ind1="0" ind2=" "><subfield code="a">Yahuda Collection.</subfield></datafield><datafield tag="880" ind1="1" ind2="2"><subfield code="6">245-03/</subfield><subfield code="a">التبيين في شرح الأربعين,</subfield><subfield code="f">[اواسط الى اواخر القرن 17م؟].</subfield></datafield><datafield tag="880" ind1="1" ind2=" "><subfield code="6">100-01/</subfield><subfield code="a">ابن جماعة، عز الدين محمد بن ابي بكر.</subfield></datafield><datafield tag="CID" ind1=" " ind2=" "><subfield code="a">006808670</subfield></datafield><datafield tag="DAT" ind1="0" ind2=" "><subfield code="a">20190719102637.0</subfield><subfield code="b">20190719000000.0</subfield></datafield><datafield tag="DAT" ind1="1" ind2=" "><subfield code="a">20190719090653.0</subfield><subfield code="b">2019-07-19T16:10:27Z</subfield></datafield><datafield tag="DAT" ind1="2" ind2=" "><subfield code="a">2015-10-02T18:00:03Z</subfield></datafield><datafield tag="CAT" ind1=" " ind2=" "><subfield code="a">SDR-MIU</subfield><subfield code="d">EX LIBRIS - ALEPH</subfield><subfield code="l">prepare.pl-004-008</subfield></datafield><datafield tag="FMT" ind1=" " ind2=" "><subfield code="a">BK</subfield></datafield><datafield tag="HOL" ind1=" " ind2=" "><subfield code="0">sdr-miu006808670</subfield><subfield code="a">MiU</subfield><subfield code="b">SDR</subfield><subfield code="c">MIU</subfield><subfield code="p">mdp.39015079128057</subfield><subfield code="s">MIU</subfield><subfield code="1">006808670</subfield></datafield><datafield tag="974" ind1=" " ind2=" "><subfield code="b">MIU</subfield><subfield code="c">MIU</subfield><subfield code="d">20190719</subfield><subfield code="s">lit-dlps-dc</subfield><subfield code="u">mdp.39015079128057</subfield><subfield code="y">1699</subfield><subfield code="r">pd</subfield><subfield code="q">bib</subfield><subfield code="t">non-US bib date2 &lt; 1896</subfield></datafield></record></collection>